@article{r1,
  title={参考文献1},
  author={作者},
  journal={期刊},
  volume={1},
  number={1},
  pages={1-2},
  year={2022},
}